@article{tizia, title={Grid turbulence in dilute polymer solutions: PEO in water}, volume={730}, DOI={10.1017/jfm.2013.316}, journal={Journal of Fluid Mechanics}, publisher={Cambridge University Press}, author={Vonlanthen, Richard and Monkewitz, Peter A.}, year={2013}, pages={76â€“98}}


@article{mack,
author="Mackley, Malcolm",
title="Stretching polymer chains",
journal="Rheologica Acta",
year="2010",
month="May",
day="01",
volume="49",
number="5",
pages="443--458",
issn="1435-1528",
doi="10.1007/s00397-010-0435-z",
url="https://doi.org/10.1007/s00397-010-0435-z"
}

@article {trouton,
	author= {Fred. T. Trouton},
    title = {On the coefficient of viscous traction and its relation to that of viscosity},
	volume = {77},
	number = {519},
	pages = {426--440},
	year = {1906},
	doi = {10.1098/rspa.1906.0038},
	publisher = {The Royal Society},
	issn = {0950-1207},
	URL = {http://rspa.royalsocietypublishing.org/content/77/519/426},
	eprint = {http://rspa.royalsocietypublishing.org/content/77/519/426.full.pdf},
	journal = {Proceedings of the Royal Society of London A: Mathematical, Physical and Engineering Sciences}
}

@article{demos,
   author = {Demosthenes Kivotides, S. Louise Wilkin, Theo G. Theofanous},
   title = {Stretching of polymer chains by fluctuating flow fields},
   journal = {Physics Letters A},
   volume = {375},
   number = {Issue 1},
   pages = {48-52}
   year = {2010},
   url = {https://doi.org/10.1016/j.physleta.2010.10.034},
}

@article{demos2,
   author = {Demosthenes Kivotides},
   title = {A method for the computation of turbulent polymeric liquids including hydrodynamic interactions and chain entanglements},
   journal = {Physics Letters A},
   volume = {381},
   number = {Issue 6},
   pages = {629-635}
   year = {2017},
   url = {https://doi.org/10.1016/j.physleta.2016.12.010},
}













